@manual{jdrp-starwars,
    title = "Star Wars Redemption",
    author = "Marthym",
    url = "https://swr.ght1pc9kc.fr/2017/08/15/Starwars-Redemption-v1.2.0/",
    year = "2017",
    version = "1.2.0"
}

@online{swr-git-repo,
    title = "Git Star Wars Redemption",
    author = "Marthym",
    url = "https://git.framasoft.org/sw-redemption/",
    year = "2017"
}

@online{website:starwars-holonet,
    title = "Starwars Holonet",
    year = "2016",
    url = "http://www.starwars-holonet.com"
}

@manual{savage-worlds,
    author = "Shane Lacy Hensley",
    title = "Savage Worlds",
    edition = "Pinnacle Entertainment",
    year    = "2015",
    url = "http://www.black-book-editions.fr/catalogue.php?id=58"
}

@online{starwars-marvel,
    title = "Star Wars",
    author = "Marvel",
    url = "http://www.starwars-holonet.com/encyclopedie/document-sw-marvel2015.html"
}

@book{starwars-citadelle-hurlante-bd,
    title = "Star Wars - La citadelle hurlante",
    author = "Andrea Broccardo and Marco Checchetto and Salvador Larroca and Kieron Gillen and Jason Aaron",
    publisher = "Panini Comics",
    year = "2018",
    url = "https://www.starwars-universe.com/livre-1518-la-citadelle-hurlante.html"
}

@book{starwars-aphra,
    title = "Star Wars - Doctor Aphra",
    author = "Marvel",
    url = "http://www.starwars-holonet.com/encyclopedie/document-aphra.html"
}
